<record><leader>00000cas a22000007a 4500</leader><controlfield tag="001">34609960</controlfield><controlfield tag="008">960422d19081915okuwr n       0    0eng d</controlfield><datafield ind1=" " ind2=" " tag="010"><subfield code="a">sn 96087715 </subfield></datafield><datafield ind1=" " ind2=" " tag="040"><subfield code="a">OBN</subfield><subfield code="b">eng</subfield><subfield code="c">OBN</subfield><subfield code="d">OCLCQ</subfield><subfield code="d">OCLCF</subfield><subfield code="d">OCLCO</subfield></datafield><datafield ind1="1" ind2=" " tag="029"><subfield code="a">AU@</subfield><subfield code="b">000025921566</subfield></datafield><datafield ind1=" " ind2=" " tag="042"><subfield code="a">msc</subfield></datafield><datafield ind1=" " ind2=" " tag="043"><subfield code="a">n-us-ok</subfield></datafield><datafield ind1="0" ind2="4" tag="245"><subfield code="a">The Oklahoma City times and weekly times.</subfield></datafield><datafield ind1="3" ind2=" " tag="246"><subfield code="a">Times and weekly times</subfield></datafield><datafield ind1="3" ind2=" " tag="246"><subfield code="a">Oklahoma times and weekly times</subfield></datafield><datafield ind1=" " ind2=" " tag="260"><subfield code="a">Oklahoma City, Okla. :</subfield><subfield code="b">Oklahoma City Times Co.</subfield></datafield><datafield ind1=" " ind2=" " tag="300"><subfield code="a">v.</subfield></datafield><datafield ind1=" " ind2=" " tag="310"><subfield code="a">Weekly</subfield></datafield><datafield ind1="0" ind2=" " tag="362"><subfield code="a">Vol. 19, no. 347 (Apr. 3, 1908)-v. 27, no. 103 = v. 27, no. 5 (Aug. 13, 1915).</subfield></datafield><datafield ind1=" " ind2=" " tag="500"><subfield code="a">Published as: Oklahoma times and the weekly times, July 16-Aug. 13, 1915.</subfield></datafield><datafield ind1=" " ind2="0" tag="651"><subfield code="a">Oklahoma City (Okla.)</subfield><subfield code="v">Newspapers.</subfield></datafield><datafield ind1=" " ind2="0" tag="651"><subfield code="a">Oklahoma County (Okla.)</subfield><subfield code="v">Newspapers.</subfield></datafield><datafield ind1=" " ind2="7" tag="655"><subfield code="a">Newspapers.</subfield><subfield code="2">fast</subfield><subfield code="0">(OCoLC)fst01423814</subfield></datafield><datafield ind1=" " ind2="7" tag="651"><subfield code="a">Oklahoma</subfield><subfield code="z">Oklahoma City.</subfield><subfield code="2">fast</subfield><subfield code="0">(OCoLC)fst01204376</subfield></datafield><datafield ind1=" " ind2="7" tag="651"><subfield code="a">Oklahoma</subfield><subfield code="z">Oklahoma County.</subfield><subfield code="2">fast</subfield><subfield code="0">(OCoLC)fst01210430</subfield></datafield><datafield ind1=" " ind2=" " tag="752"><subfield code="a">United States</subfield><subfield code="b">Oklahoma</subfield><subfield code="c">Oklahoma</subfield><subfield code="d">Oklahoma City.</subfield></datafield><datafield ind1="0" ind2=" " tag="775"><subfield code="t">Oklahoma City times (Oklahoma City, Okla. : 1908)</subfield><subfield code="w">(DLC)sn 86064187</subfield></datafield><datafield ind1="0" ind2="0" tag="780"><subfield code="t">Weekly times-journal (Oklahoma City, Okla. : 1895)</subfield><subfield code="w">(DLC)sn 86064176</subfield><subfield code="w">(OCoLC)13686257</subfield></datafield></record>